@misc{einstein2002induction,
  title={Induction and Deduction in Physics. The Collected Papers of Albert Einstein, Vol. 7},
  author={Einstein, Albert},
  year={2002},
  publisher={Princeton University Press}
}

@book{holmberg-2016-effects,
  title={Effects of online advertising on children's visual attention and task performance during free and goal-directed internet use: A media psychology approach to children's website interaction and advert distraction},
  author={Holmberg, Nils},
  year={2016},
  publisher={Lund University}
}

@article{van2016pre,
  title={Pre-registration in social psychologyâ€”A discussion and suggested template},
  author={van't Veer, Anna Elisabeth and Giner-Sorolla, Roger},
  journal={Journal of Experimental Social Psychology},
  volume={67},
  pages={2--12},
  year={2016},
  publisher={Elsevier}
}

@Book{xie2015,
  title = {Dynamic Documents with {R} and knitr},
  author = {Yihui Xie},
  publisher = {Chapman and Hall/CRC},
  address = {Boca Raton, Florida},
  year = {2015},
  edition = {2nd},
  note = {ISBN 978-1498716963},
  url = {http://yihui.name/knitr/},
}

